@manual{manual,
    year = {February 2025},
    title = {Capacitors Lab Manual},
    author = {Manual for the practical of Electronics and Magnetism (WBPH033-10) (rug.nl)}
}

@book{griffiths,
    year = {2023},
    author = {D. J. Griffiths},
    title = {Introduction to Electrodynamics},
    publisher = {Pearson Education, Inc.},
    doi = {10.1017/9781009397735}
}

@ARTICLE{scipy,
  author  = {Virtanen et al., and {SciPy 1.0 Contributors}},
  title   = {{SciPy} 1.0: Fundamental Algorithms for Scientific
             Computing in Python},
  journal = {Nature Methods},
  year    = {2020},
  volume  = {17},
  pages   = {261--272},
  doi     = {10.1038/s41592-019-0686-2},
}

@book{jackson,
  author    = {Jackson, John David},
  title     = {Classical Electrodynamics},
  edition   = {3rd},
  year      = {1998},
  publisher = {Wiley},
  address   = {New York},
}